@article{Trefethen_et_al,
author = {Trefethen, Lloyd N.},
title = {Group Velocity in Finite Difference Schemes},
journal = {SIAM Rev.},
volume = {24},
number = {2},
pages = {113-136},
year = {1982},
doi = {10.1137/1024038}
}

@article{NEUMANN_at_al,
author = {Charney, J. G. and Fjortoft, R. and Von Neumann, J.},
title = {Numerical Integration of the Barotropic Vorticity Equation},
journal = {Tellus},
volume = {2},
number = {4},
pages = {237-254},
doi = {10.1111/j.2153-3490.1950.tb00336.x},
year = {1950}
}


@article{Gottlieb_et_al,
title = "Analysis of the Error for Approximations to Systems of Hyperbolic Equations",
journal = "J. Comput. Phys",
volume = "151",
number = "2",
pages = "997 - 1007",
year = "1999",
issn = "0021-9991",
doi = "https://doi.org/10.1006/jcph.1999.6196",
author = "D Gottlieb and E Turkel and S Abarbanel"
}

@book{Strikwerda,
author = {Strikwerda, John C.},
title = {Finite Difference Schemes and Partial Differential Equations, Second Edition},
publisher = {SIAM},
year = {2004},
doi = {10.1137/1.9780898717938},
address = {},
edition   = {}
}

@article{Gustafsson_et_al,
 ISSN = {00255718, 10886842},
 URL = {http://www.jstor.org/stable/2005093},
 author = {Bertil Gustafsson and Heinz-Otto Kreiss and Arne Sundström},
 journal = {Math. Comput.},
 number = {119},
 pages = {649--686},
 publisher = {American Mathematical Society},
 title = {Stability Theory of Difference Approximations for Mixed Initial Boundary Value Problems. II},
 volume = {26},
 year = {1972}
}

@article{CARPENTER_et_al,
title = "The Stability of Numerical Boundary Treatments for Compact High-Order Finite-Difference Schemes",
journal = "J. Comput. Phys",
volume = "108",
number = "2",
pages = "272 - 295",
year = "1993",
issn = "0021-9991",
doi = "https://doi.org/10.1006/jcph.1993.1182",
author = "Mark H. Carpenter and David Gottlieb and Saul Abarbanel"
}

@article{ZHONG,
author = "Xiaolin Zhong",
title = "High-Order Finite-Difference Schemes for Numerical Simulation of Hypersonic Boundary-Layer Transition",
journal = "J. Comput. Phys",
volume = "144",
number = "2",
pages = "662 - 709",
year = "1998",
issn = "0021-9991",
doi = "https://doi.org/10.1006/jcph.1998.6010"
}

@book{sengupta2013high,
  title={High accuracy computing methods: fluid flows and wave phenomena},
  author={Sengupta, Tapan},
  year={2013},
  publisher={Cambridge University Press},
  url={http://services.cambridge.org/us/academic/subjects/mathematics/computational-science/high-accuracy-computing-methods-fluid-flows-and-wave-phenomena?format=HB&isbn=9781107023635}
}

@article{SENGUPTA_et_al_1,
title = "Analysis of central and upwind compact schemes",
journal = "J. Comput. Phys",
volume = "192",
number = "2",
pages = "677 - 694",
year = "2003",
issn = "0021-9991",
doi = "https://doi.org/10.1016/j.jcp.2003.07.015",
author = "T.K. Sengupta and G. Ganeriwal and S. De"
}

@article{SUMAN_et_al,
title = "Spectral analysis of finite difference schemes for convection diffusion equation",
journal = "Comput. Fluids",
volume = "150",
pages = "95-114",
year = "2017",
issn = "0045-7930",
doi = "https://doi.org/10.1016/j.compfluid.2017.04.009",
author = "V.K. Suman and Tapan K. Sengupta and C. Jyothi Durga Prasad and K. Surya Mohan and Deepanshu Sanwalia"
}

@article{Laizet_et_al,
author = {Laizet, Sylvain and Lamballais, Eric},
year = {2009},
month = {09},
pages = {5989-6015},
title = {High-order compact schemes for incompressible flows: A simple and efficient method with quasi-spectral accuracy},
volume = {228},
journal = {J. Comput. Phys},
doi = {10.1016/j.jcp.2009.05.010}
}

@book{Vichnevetsky_et_al,
author = {Vichnevetsky, Robert and Bowles, John B.},
title = {Fourier Analysis of Numerical Approximations of Hyperbolic Equations},
publisher = {SIAM},
year = {1982},
doi = {10.1137/1.9781611970876},
address = {},
edition   = {}
}

@article{SENGUPTA_et_al_2,
title = "Error dynamics: Beyond von Neumann analysis",
journal = "J. Comput. Phys",
volume = "226",
number = "2",
pages = "1211 - 1218",
year = "2007",
issn = "0021-9991",
doi = "https://doi.org/10.1016/j.jcp.2007.06.001",
author = "T.K. Sengupta and A. Dipankar and P. Sagaut"
}

@article{SENGUPTA_et_al_3,
title = "Error dynamics of diffusion equation: Effects of numerical diffusion and dispersive diffusion",
journal = "J. Comput. Phys",
volume = "266",
pages = "240 - 251",
year = "2014",
issn = "0021-9991",
doi = "https://doi.org/10.1016/j.jcp.2014.02.021",
author = "Tapan K. Sengupta and Ashish Bhole"
}

@phdthesis{sousa,
  year = {2001},
  edition = {},
  number = {},
  journal = {},
  pages = {},
  publisher = {University of Oxford},
  title = {Finite differences for the convection-diffusion equation},
  volume = {},
  author = {Sousa, Ercília},
  editor = {},
  url = {https://ora.ox.ac.uk/objects/uuid:8369da31-2229-4e05-846c-de3072ac1a37}
}

@article{KWOK,
title = "Stability analysis of six-point finite difference schemes for the constant coefficient convective-diffusion equation",
journal = "Comput. Math. Appl.",
volume = "23",
number = "12",
pages = "3 - 11",
year = "1992",
issn = "0898-1221",
doi = "https://doi.org/10.1016/0898-1221(92)90088-Y",
author = "Yue-Kuen Kwok"
}

@article{Chan,
author = {Chan, Tony F.},
title = {Stability Analysis of Finite Difference Schemes for the Advection-Diffusion Equation},
journal = {SIAM J. Numer. Anal.},
volume = {21},
number = {2},
pages = {272-284},
year = {1984},
doi = {10.1137/0721020}
}

@article{WESSELING,
    author = {Wesseling, P.},
    title = {von Neumann stability conditions for the convection-diffusion eqation},
    journal = {IMA J. Numer. Anal.},
    volume = {16},
    number = {4},
    pages = {583-598},
    year = {1996},
    month = {10}, 
    issn = {0272-4979},
    doi = {10.1093/imanum/16.4.583}
}


@article{SENGUPTA_Et_al_4,
title = "A new combined stable and dispersion relation preserving compact scheme for non-periodic problems",
journal = "J. Comput. Phys",
volume = "228",
number = "8",
pages = "3048 - 3071",
year = "2009",
issn = "0021-9991",
doi = "https://doi.org/10.1016/j.jcp.2009.01.003",
author = "T.K. Sengupta and V. Lakshmanan and V.V.S.N. Vijay"
}

@article{SENGUPTA_et_al_5,
title = "Further improvement and analysis of CCD scheme: Dissipation discretization and de-aliasing properties",
journal = "J. Comput. Phys",
volume = "228",
number = "17",
pages = "6150 - 6168",
year = "2009",
issn = "0021-9991",
doi = "https://doi.org/10.1016/j.jcp.2009.05.038",
author = "T.K. Sengupta and V.V.S.N. Vijay and S. Bhaumik"
}

@article{SENGUPTA_et_al_6,
title = "Spurious waves in discrete computation of wave phenomena and flow problems",
journal = "Appl. Math. Comput.",
volume = "218",
number = "18",
pages = "9035 - 9065",
year = "2012",
issn = "0096-3003",
doi = "https://doi.org/10.1016/j.amc.2012.03.030",
author = "Tapan K. Sengupta and Yogesh G. Bhumkar and Manoj K. Rajpoot and V.K. Suman and Shakti Saurabh"
}

@article{SENGUPTA_ET_AL_7,
title = "Global spectral analysis of multi-level time integration schemes: Numerical properties for error analysis",
journal = "Appl. Math. Comput.",
volume = "304",
pages = "41 - 57",
year = "2017",
issn = "0096-3003",
doi = "https://doi.org/10.1016/j.amc.2017.01.026",
author = "Tapan K. Sengupta and Aditi Sengupta and Kumar Saurabh"
}

@article{Hindmarsh_et_al,
author = {Hindmarsh, A. C. and Gresho, P. M. and Griffiths, D. F.},
title = {The stability of explicit Euler time-integration for certain finite difference approximations of the multi-dimensional advection–diffusion equation},
journal = {Int. J. Numer. Meth. Fl.},
volume = {4},
number = {9},
pages = {853-897},
doi = {10.1002/fld.1650040905},
year = {1984}
}

@article{LAIZET_et_al_JFM,
title = "High-order compact schemes for incompressible flows: A simple and efficient method with quasi-spectral accuracy",
journal = "J. Comput. Phys",
volume = "228",
number = "16",
pages = "5989 - 6015",
year = "2009",
issn = "0021-9991",
doi = "https://doi.org/10.1016/j.jcp.2009.05.010",
author = "Sylvain Laizet and Eric Lamballais"
}

@article{Sengupta_et_al_8,
  title = {Direct numerical simulation of two-dimensional wall-bounded turbulent flows from receptivity stage},
  author = {Sengupta, T. K. and Bhaumik, S. and Bhumkar, Y. G.},
  journal = {Phys. Rev. E},
  volume = {85},
  issue = {2},
  pages = {026308},
  numpages = {13},
  year = {2012},
  month = {Feb},
  publisher = {American Physical Society},
  doi = {10.1103/PhysRevE.85.026308}
}


@article{SENGUPTA_et_al_9,
title = "Direct numerical simulation of 2D transonic flows around airfoils",
journal = "Comput. Fluids",
volume = "88",
pages = "19 - 37",
year = "2013",
issn = "0045-7930",
doi = "https://doi.org/10.1016/j.compfluid.2013.08.007",
author = "Tapan K. Sengupta and Ashish Bhole and N.A. Sreejith"
}

@article{SENGUPTA_et_al_10,
title = "New explicit two-dimensional higher order filters",
journal = "Comput. Fluids",
volume = "39",
number = "10",
pages = "1848 - 1863",
year = "2010",
issn = "0045-7930",
doi = "https://doi.org/10.1016/j.compfluid.2010.06.014",
author = "Tapan K. Sengupta and Yogesh G. Bhumkar"
}


@article{Kawai_et_al,
author = {Kawai, Soshi and Fujii, Kozo},
title = {Compact Scheme with Filtering for Large-Eddy Simulation of Transitional Boundary Layer},
journal = {AIAA Journal},
volume = {46},
number = {3},
pages = {690-700},
year = {2008},
doi = {10.2514/1.32239}
}

@article{Uzun_et_al,
author = {Uzun, Ali and Blaisdell, Gregory A. and Lyrintzis, Anastasios S.},
title = {Application of Compact Schemes to Large Eddy Simulation of Turbulent Jets},
journal = {J. Sci. Comput.},
volume = {21},
number = {},
pages = {283-319},
year = {2004},
doi = {10.1007/s10915-004-1319-0}
}

@article{CHU_AND_FAN,
title = "A Three-Point Combined Compact Difference Scheme",
journal = "J. Comput. Phys",
volume = "140",
number = "2",
pages = "370 - 399",
year = "1998",
issn = "0021-9991",
doi = "https://doi.org/10.1006/jcph.1998.5899",
author = "Peter C. Chu and Chenwu Fan"
}

@article{ZHOU_ET_AL,
title = "A new family of high-order compact upwind difference schemes with good spectral resolution",
journal = "J. Comput. Phys",
volume = "227",
number = "2",
pages = "1306 - 1339",
year = "2007",
issn = "0021-9991",
doi = "https://doi.org/10.1016/j.jcp.2007.09.008",
author = "Qiang Zhou and Zhaohui Yao and Feng He and M.Y. Shen"
}

@article{orszag_1970, 
title={Analytical theories of turbulence}, 
volume={41}, 
DOI={10.1017/S0022112070000642}, 
number={2}, 
journal={J. Fluid. Mech.}, 
publisher={Cambridge University Press}, 
author={Orszag, Steven A.}, 
year={1970}, 
pages={363–386}
}

@book{chen2005finite,
  title={Finite element methods and their applications},
  author={Chen, Zhangxin},
  year={2005},
  publisher={Springer Science \& Business Media},
  url={https://www.springer.com/gp/book/9783540240785}
}

@book{katsikadelis2002boundary,
  title={Boundary elements: theory and applications},
  author={Katsikadelis, John T},
  year={2002},
  publisher={Elsevier},
  url={https://www.elsevier.com/books/boundary-elements-theory-and-applications/katsikadelis/978-0-08-044107-8}
}

@article{thongmoon2006comparison,
  title={A comparison of some numerical methods for the advection-diffusion equation},
  author={Thongmoon, M and McKibbin, R},
  journal={Research Letters in the Information and Mathematical Sciences},
  year={2006},
  publisher={Massey University},
  url={https://mro.massey.ac.nz/handle/10179/4485}
}

@article{codina2019finite,
  title={A finite element formulation for the numerical solution of the convection-diffusion equation},
  author={Codina, Ramon},
  journal={Monograph CIMNE},
  url={https://www.scipedia.com/public/Codina_2019b},
  year={2019}
}

@article{PRIETO,
title = "Application of the generalized finite difference method to solve the advection–diffusion equation",
journal = "J. Comput. Appl. Math.",
volume = "235",
number = "7",
pages = "1849 - 1855",
year = "2011",
issn = "0377-0427",
doi = "https://doi.org/10.1016/j.cam.2010.05.026",
author = "Francisco Ureña Prieto and Juan José Benito Muñoz and Luis Gavete Corvinos"
}

@article{WANG,
title = "A domain-decomposition generalized finite difference method for stress analysis in three-dimensional composite materials",
journal = "Appl. Math. Lett.",
volume = "104",
pages = "106226",
year = "2020",
issn = "0893-9659",
doi = "https://doi.org/10.1016/j.aml.2020.106226",
author = "Yuanyuan Wang and Yan Gu and Jianlin Liu"
}

@article{URENA,
title = "Solving the telegraph equation in 2-D and 3-D using generalized finite difference method (GFDM)",
journal = "Eng. Anal. Bound. Elem.",
volume = "112",
pages = "13 - 24",
year = "2020",
issn = "0955-7997",
doi = "https://doi.org/10.1016/j.enganabound.2019.11.010",
author = "F. Ureña and L. Gavete and J.J. Benito and A. García and A.M. Vargas"
}

@article{Kusuma_et_al,
author = {Kusuma, Jeffry and Ribal, Agustinus and Mahie, Andi and Aris, Naimah},
year = {2017},
month = {05},
pages = {1721-1729},
title = {On pollution distribution on unhas lake using two dimension advection-diffusion equation},
volume = {101},
journal = {FJMS},
doi = {10.17654/MS101081721}
}

@article{LELE1992,
title = "Compact finite difference schemes with spectral-like resolution",
journal = "J. Comput. Phys",
volume = "103",
number = "1",
pages = "16 - 42",
year = "1992",
issn = "0021-9991",
doi = "https://doi.org/10.1016/0021-9991(92)90324-R",
author = "Sanjiva K. Lele"
}

@book{pirozzoli2019,
  title={High-Performance Computing of Big Data for Turbulence and Combustion},
  author={Pirozzoli, Sergio and Sengupta, Tapan K},
  volume={592},
  year={2019},
  publisher={Springer},
  url={https://www.springer.com/gp/book/9783030170110}
}

@article{Cossu_et_al,
author = {Cossu, C. and Loiseleux, T.},
title = {On the Convective and Absolute Nature of Instabilities in Finite Difference Numerical Simulations of Open Flows},
year = {1998},
issue_date = {July 1998},
publisher = {Academic Press Professional, Inc.},
address = {USA},
volume = {144},
number = {1},
issn = {0021-9991},
doi = {10.1006/jcph.1998.5990},
journal = {J. Comput. Phys.},
month = jul,
pages = {98–108},
numpages = {11}
}
  

@article{BHAUMIK2013,
title = "Wave properties of fourth-order fully implicit Runge–Kutta time integration schemes",
journal = "Comput. Fluids",
volume = "81",
pages = "110 - 121",
year = "2013",
issn = "0045-7930",
doi = "https://doi.org/10.1016/j.compfluid.2013.04.007",
author = "Swagata Bhaumik and Soumyo Sengupta and Aditi Sengupta"
}

@article{sengupta2004,
  title={A comparative study of time advancement methods for solving Navier-Stokes equations},
  author={Tapan K Sengupta and Anurag Dipankar},
  journal={J. Sci. Comput.},
  volume={21},
  number={2},
  pages={225-250},
  year={2004},
  publisher={Springer},
  doi={https://doi.org/10.1023/B:JOMP.0000030076.74896.d7}
}

@article{KREISS1972,
author = {Kreiss, Heinz Otto and Oliger, Joseph},
title = {Comparison of accurate methods for the integration of hyperbolic equations},
journal = {Tellus},
volume = {24},
number = {3},
pages = {199-215},
doi = {10.1111/j.2153-3490.1972.tb01547.x},
year = {1972}
}

@article{Swartz1974,
author = {Swartz, Blair and Wendroff, Burton},
title = {The Relative Efficiency of Finite Difference and Finite Element Methods. I: Hyperbolic Problems and Splines},
journal = {SIAM J. Numer. Anal.},
volume = {11},
number = {5},
pages = {979-993},
year = {1974},
doi = {10.1137/0711076}
}


@article{SVajjala2020,
title = "Effects of numerical anti-diffusion in closed unsteady flows governed by two-dimensional Navier-Stokes equation",
journal = "Comput. Fluids",
volume = "201",
pages = "104479",
year = "2020",
issn = "0045-7930",
doi = "https://doi.org/10.1016/j.compfluid.2020.104479",
author = "Keshava Suman Vajjala and Tapan K. Sengupta and J.S. Mathur"
}
