@article{SUMAN_et_al,
title = "Spectral analysis of finite difference schemes for convection diffusion equation",
journal = "Computers \& Fluids",
volume = "150",
pages = "95 -- 114",
year = "2017",
issn = "0045-7930",
doi = "https://doi.org/10.1016/j.compfluid.2017.04.009",
url = "http://www.sciencedirect.com/science/article/pii/S0045793017301275",
author = "V.K. Suman and Tapan K. Sengupta and C. Jyothi Durga Prasad and K. Surya Mohan and Deepanshu Sanwalia"
}
